<record><leader>00000cas a22000007a 4500</leader><controlfield tag="001">13964200</controlfield><controlfield tag="008">860728d18941908txucr ne      0    0eng d</controlfield><datafield ind1=" " ind2=" " tag="010"><subfield code="a">sn 86088184 </subfield></datafield><datafield ind1=" " ind2=" " tag="040"><subfield code="a">PPM</subfield><subfield code="b">eng</subfield><subfield code="c">PPM</subfield><subfield code="d">DLC</subfield><subfield code="d">OCLCQ</subfield></datafield><datafield ind1=" " ind2=" " tag="042"><subfield code="a">msc</subfield></datafield><datafield ind1="0" ind2=" " tag="130"><subfield code="a">Dallas semi-weekly news (Dallas, Tex.)</subfield></datafield><datafield ind1="1" ind2="4" tag="245"><subfield code="a">The Dallas semi-weekly news.</subfield></datafield><datafield ind1="3" ind2="0" tag="246"><subfield code="a">Dallas semiweekly news</subfield></datafield><datafield ind1=" " ind2=" " tag="260"><subfield code="a">Dallas, Tex. :</subfield><subfield code="b">A.H. Belo &amp; Co.,</subfield><subfield code="c">1894-1908.</subfield></datafield><datafield ind1=" " ind2=" " tag="300"><subfield code="a">v. :</subfield><subfield code="b">ill. ;</subfield><subfield code="c">57 cm.</subfield></datafield><datafield ind1=" " ind2=" " tag="310"><subfield code="a">Semiweekly</subfield></datafield><datafield ind1="0" ind2=" " tag="362"><subfield code="a">Vol. 9, no. 15 (Jan. 16, 1894)-v.24, no. 89 (Sept. 29, 1908).</subfield></datafield><datafield ind1=" " ind2=" " tag="580"><subfield code="a">Semiweekly edition of The Dallas morning news.</subfield></datafield><datafield ind1=" " ind2=" " tag="752"><subfield code="a">United States</subfield><subfield code="b">Texas</subfield><subfield code="c">Dallas</subfield><subfield code="d">Dallas.</subfield></datafield><datafield ind1="1" ind2=" " tag="775"><subfield code="t">Dallas morning news</subfield><subfield code="w">(OCoLC)9475176</subfield></datafield><datafield ind1="0" ind2="0" tag="780"><subfield code="t">Dallas weekly news</subfield></datafield><datafield ind1="0" ind2="0" tag="785"><subfield code="t">Semi-weekly farm news</subfield><subfield code="w">(OCoLC)13962548</subfield></datafield></record>